2285 2980
621 73 698 112 DE
731 72 910 112 REBVS
942 72 1420 112 RESTITVENDIS.
1757 83 1819 120 225

141 122 340 178 figendum
353 133 435 163 non
447 122 491 163 de
504 121 577 169 his,
585 127 652 176 qui
660 125 707 164 ad
726 128 932 164 terminum
947 138 1102 169 emunt,
1120 129 1206 164 cum
1216 140 1260 165 ex
1271 126 1479 165 communi
1485 125 1684 178 emptione
1697 125 1741 163 ad
1755 139 1826 164 ter·

134 178 451 223 nummi-ustum
463 179 643 231 pretium,
661 182 698 218 &
710 179 816 219 valor
833 182 971 218 mercis
987 178 1154 217 minime
1170 179 1370 224 iudicetur,
1388 179 1480 218 sicut
1498 194 1566 218 nec
1587 178 1822 224 iustificatum

126 231 332 271 veconstat.

183 285 248 322 Ad
258 286 412 327 tertium
423 283 757 336 dicendum,qubd
769 286 931 338 pecunia
940 284 986 329 de
995 285 1030 325 se
1042 299 1124 326 non
1134 285 1214 339 plus
1234 286 1334 325 valet
1350 285 1473 324 statim
1485 286 1601 324 soluta
1612 315 1623 328 ‚
1644 285 1758 337 quam
1771 285 1818 323 ad
1834 263 1887 303 Ad
1896 278 1925 309 3'

130 347 279 390 tempus
298 338 477 378 soluenda
487 368 497 383 ,
517 352 566 378 eo
576 338 680 390 quod
690 339 737 378 de
749 340 783 377 se
794 353 862 378 nec
871 353 1009 393 patere,
1023 354 1092 378 nec
1109 338 1334 378 frustificare
1348 339 1482 391 potest,
1502 345 1537 378 ὃ(
1550 342 1612 382 ita,
1630 352 1817 390 quatenus

124 393 285 442 pecunia
303 392 354 430 est
371 391 512 431 secluso
532 391 595 431 vfu
616 391 744 445 ipsius,
764 405 827 430 aut
845 392 1024 431 industria
1042 392 1263 445 possidentis
1283 393 1429 431 nuliam
1448 394 1648 432 vtiiitatem
1671 392 1816 432 afferret

126 443 318 483 venditori
329 444 452 483 statim
464 445 599 484 tradita
619 448 754 498 magis,
775 445 890 497 quam
901 447 1092 485 tradenda.
1113 449 1212 485 Dico
1233 458 1418 497 quatenus
1435 449 1605 500 pecunia,
1618 448 1704 497 quia
1723 460 1812 497 qua-

125 508 235 535 tenus
247 511 380 536 aurum
392 498 454 542 est.
465 512 527 537 aut
537 511 734 551 argentum
748 529 758 543 .
776 500 943 550 aliquam
956 499 1075 552 posset
1094 501 1298 539 Vtilitatem
1313 499 1453 540 afferte.
1473 501 1543 539 Sed
1564 514 1665 538 nunc
1686 500 1732 539 de
1751 514 1812 552 pe-

123 553 234 588 cunia
254 552 463 602 loquimur,
493 552 628 591 seclusa
653 552 956 591 consideratione
985 554 1178 603 qualitatis
1208 553 1255 591 ad
1284 555 1486 605 pecuniam
1516 556 1813 607 impertinentis.

124 604 242 656 Qod
254 604 278 642 fi
291 605 400 658 ipsius
419 605 630 645 venditoris
651 605 801 644 interest
812 608 974 658 pretium
995 607 1118 644 statim
1133 607 1280 650 habere,
1302 619 1392 645 tunc
1409 610 1560 659 poterit,
1583 607 1666 645 cum
1689 607 1734 644 ad
1743 620 1812 645 ter-

124 660 277 696 minum
291 659 433 708 vendit,
450 661 612 713 pretium
625 660 906 711 aliquantulum
928 673 1072 713 augere,
1085 674 1165 697 non
1177 662 1267 711 quia
1287 674 1342 698 res
1363 659 1410 698 fic
1421 660 1664 712 venditapius
1679 661 1810 704 valeat,

125 724 195 749 nec
206 715 294 764 quia
305 716 462 765 pecunia
472 712 552 766 post
560 713 741 752 soluenda
752 714 880 751 minus
895 713 1027 757 valeat,
1039 713 1099 751 sed
1110 716 1258 752 ratione
1269 711 1560 766 interesse,quod
1571 726 1616 753 cx
1629 713 1742 752 dilata
1753 713 1811 752 so—

119 764 269 812 luione
278 768 428 819 patitur.

188 822 232 856 Et
243 833 305 871 per
317 819 391 858 hoc
403 819 557 873 patetad
567 817 907 858 confirmationem
919 848 930 862 ,
949 819 1053 870 quod
1075 833 1179 858 merx
1198 820 1244 858 ad
1257 832 1405 873 tempus
1414 820 1593 860 tradenda
1613 823 1738 861 minus
1753 835 1814 862 va·
1830 811 1895 874 ·ᾼᾶ
1903 813 2042 866 “⁰²²firm·

121 870 186 914 let,
198 885 314 923 quam
326 872 350 910 {i
364 873 485 912 statim
498 874 804 923 traderetur,quia
814 872 961 910 interest
973 876 1152 926 emptoris
1164 888 1247 912 eam
1259 874 1380 912 statim
1396 874 1542 918 habere,
1555 876 1641 913 cum
1654 876 1717 913 illa
1729 890 1811 914 non
1827 868 1979 919 “aldem-

121 924 289 977 poffitad
300 926 353 964 sui
373 928 574 966 vtilitatem
595 929 646 967 vti
665 928 734 964 illo
752 938 1034 978 rempore‚quo
1053 941 1095 966 ea
1115 940 1233 970 caret,
1256 941 1324 965 nec
1347 926 1629 980 frustumipfius
1650 931 1810 969 interim

121 980 331 1031 percipere,
355 980 577 1019 fifrustifera
596 980 659 1023 est',
680 980 768 1018 ideo
783 992 871 1023 non
890 992 969 1017 tam
989 981 1145 1032 plenum
1169 981 1417 1024 dominium,
1440 985 1475 1018 ὅ(
1495 984 1549 1019 ius
1564 984 1602 1019 in
1628 996 1664 1021 re
1685 983 1749 1020 illa
1769 989 1807 1022 δε

120 1031 167 1068 ad
189 1032 294 1071 illam
306 1036 488 1084 acquirit,
508 1033 664 1085 quando
693 1046 738 1071 ex
773 1035 811 1073 vi
833 1035 1045 1071 contractus
1061 1033 1110 1072 est
1130 1033 1195 1071 fibi
1217 1034 1425 1072 differenda
1444 1035 1619 1079 traditio,
1640 1036 1757 1088 quam
1777 1036 1805 1076 si

116 1083 242 1123 statim
254 1084 471 1131 traderetur,
481 1086 570 1125 ideo
583 1100 664 1125 non
676 1088 832 1130 mirum,
843 1085 867 1123 si
880 1098 971 1124 tunc
981 1088 1022 1125 in
1033 1088 1153 1139 pretio
1166 1091 1201 1124 ὅ(
1216 1086 1306 1124 iuste
1317 1086 1570 1128 descendatur,
1590 1091 1747 1134 qual-rer
1757 1092 1808 1128 ai-

118 1138 228 1176 cendi
241 1150 322 1177 non
334 1140 452 1192 potest
466 1153 535 1193 pro
549 1152 605 1185 eo,
619 1139 724 1191 quod
735 1142 842 1192 pretii
855 1139 991 1177 solutio
1006 1139 1182 1178 differtur.
1203 1139 1414 1178 Discrimen
1426 1138 1475 1176 est
1487 1138 1644 1190 clarum,
1657 1137 1745 1188 quia
1763 1136 1805 1173 in

115 1194 374 1244 expestatione
385 1195 519 1232 mercis
533 1208 614 1232 non
625 1194 833 1231 interuenit
843 1205 1036 1236 mutuum,
1050 1192 1140 1230 ficut
1151 1194 1192 1230 in
1204 1194 1463 1244 expestatione
1474 1194 1592 1243 pretii.
1823 1201 1889 1244 Aa
1898 1216 1939 1249 4·

154 1266 155 1269 =
171 1245 234 1283 Ad
246 1259 422 1297 quartum
435 1247 539 1300 supra
551 1246 769 1299 responsum
781 1246 865 1290 fuit,
880 1260 960 1284 non
982 1259 1158 1299 oportere
1179 1258 1430 1283 mercatorem
1450 1244 1593 1297 semper
1605 1241 1709 1294 quod
1719 1255 1808 1281 ven—

116 1296 333 1343 dit‚lucrari‚
343 1300 403 1338 sed
414 1314 562 1353 oportet
572 1315 660 1338 cum
674 1300 866 1351 aliquado,
877 1299 902 1337 ss
916 1300 1076 1338 vendere
1088 1299 1380 1342 velit,damnum
1393 1298 1528 1336 sentire
1540 1314 1546 1334 :
1561 1299 1649 1347 quia
1666 1309 1710 1333 ex
1728 1308 1807 1346 quo

117 1352 334 1392 voluntarie
343 1354 415 1392 tale
426 1353 601 1392 officium
612 1355 720 1407 eligit
730 1353 821 1391 sicut
832 1353 867 1390 se
879 1354 984 1391 lucro
995 1354 1168 1406 exponit,
1189 1351 1324 1389 iustum
1346 1351 1395 1388 est
1417 1350 1588 1388 {imiliter
1611 1350 1645 1388 se
1666 1350 1811 1387 damno

118 1416 294 1456 exponat.
316 1407 432 1459 Qod
444 1407 490 1446 de
499 1409 656 1460 penuria
665 1410 833 1460 pccuniae
853 1407 1003 1450 dicitur,
1017 1420 1098 1445 non
1110 1406 1241 1448 obstat,
1264 1406 1352 1456 quia
1374 1404 1466 1442 sicut
1486 1406 1526 1442 in
1540 1403 1681 1456 republ.
1692 1403 1810 1442 abun·

118 1457 232 1496 dante
246 1464 401 1510 pecunia
411 1473 553 1498 merces
563 1461 646 1513 plus
658 1460 806 1504 valent,
828 1465 862 1498 ὅ(
875 1474 943 1512 pro
957 1462 1095 1498 maiori
1118 1462 1239 1512 pretio
1251 1459 1479 1502 venduntur,
1500 1457 1547 1496 ςὸ
1567 1457 1673 1508 quod
1691 1456 1811 1495 abun·

117 1509 245 1548 dantia
256 1515 425 1563 pecuniae
436 1513 540 1550 causa
552 1514 614 1556 est,
627 1526 664 1551 vt
678 1515 807 1551 minus
827 1514 1042 1556 aestimerur,
1055 1519 1091 1551 ὃ(
1103 1515 1341 1565 appretietur,
1365 1514 1416 1548 ita
1437 1511 1617 1549 existente
1638 1513 1810 1563 pecuniae
1909 1511 1953 1553 Q

118 1567 296 1615 penuria,
314 1579 458 1603 merces
471 1569 600 1603 minus
613 1567 760 1608 valent,
783 1571 819 1603 ὅ(
831 1580 900 1618 pro
912 1568 1055 1603 minori
1077 1569 1199 1617 pretio
1212 1564 1418 1602 vendendae
1429 1565 1527 1607 sunt,
1545 1578 1592 1602 eo
1612 1565 1716 1614 quod
1741 1565 1810 1601 hu-
1938 1578 1940 1580 ·

118 1616 284 1655 jusmodi
294 1631 450 1670 penuria
461 1619 565 1656 causa
577 1619 638 1663 est,
653 1631 690 1657 vt
702 1622 861 1671 pecunia
874 1619 1038 1656 multum
1061 1619 1273 1660 aestimetur,
1293 1619 1379 1654 &in
1392 1619 1531 1654 maiori
1543 1619 1678 1668 pretio,
1699 1621 1736 1654 ὅ(
1748 1631 1811 1657 va-

120 1669 202 1707 lore
213 1669 402 1714 habeatur,
415 1675 449 1709 &
462 1675 511 1709 ita
521 1671 565 1709 fit
577 1672 666 1710 hinc
678 1672 1078 1724 inderecompensatio
1092 1688 1100 1709 :
1112 1672 1196 1709 talis
1207 1670 1257 1710 est
1268 1684 1391 1708 rerum
1405 1670 1626 1709 viciffitudo.
1651 1673 1729 1708 Nec
1743 1671 1811 1708 ob-

117 1722 198 1765 stat,
211 1722 317 1773 quod
328 1723 472 1768 dicitur,
482 1738 622 1777 paucos
634 1725 772 1764 scilicet
791 1723 859 1764 effe
871 1727 934 1775 qui
948 1728 1148 1778 pecuniam
1170 1727 1209 1762 in
1219 1735 1401 1777 promptu
1424 1724 1568 1762 soluere
1578 1723 1726 1776 poffint‚
1749 1735 1814 1763 aut

119 1779 258 1815 velint:
271 1778 358 1826 quia
370 1776 394 1812 sn
407 1791 510 1816 merx
521 1779 736 1817 venditioni
757 1781 974 1830 exponitur,
995 1783 1032 1816 ὅ(
1051 1792 1132 1817 non
1155 1780 1389 1831 reperiuntur
1418 1790 1609 1830 emptores
1620 1806 1631 1820 ‚
1654 1777 1720 1814 nisi
1744 1779 1810 1828 qui

120 1843 279 1882 paucam
291 1831 490 1882 pecuniam
505 1835 541 1869 in
553 1844 733 1885 promptu
744 1846 811 1884 pro
825 1833 889 1869 issa
901 1831 1063 1876 tradant,
1074 1831 1224 1884 signum
1238 1830 1340 1869 estin
1355 1831 1420 1868 illa
1431 1831 1569 1883 republ.
1587 1844 1753 1870 mercem
1767 1833 1809 1869 ii-

120 1884 199 1920 lam
210 1895 367 1935 paucam
378 1886 577 1934 pecuniam
591 1887 723 1928 valere,
735 1885 827 1922 sicut
837 1884 862 1922 fi
874 1885 1029 1923 econtra
1043 1887 1155 1923 multi
1167 1886 1414 1937 reperirentur
1424 1887 1699 1936 emptores,qui
1713 1886 1812 1923 mul-

123 1949 201 1974 tam
223 1937 424 1990 pecuniam
443 1949 512 1987 pto
540 1936 606 1973 ilia
632 1938 822 1977 traderent
839 1967 851 1983 ,
882 1938 1032 1990 {ignum
1052 1938 1102 1978 est
1124 1952 1290 1977 mercem
1311 1938 1418 1976 illam
1431 1940 1593 1977 multam
1606 1941 1810 1991 pecuniam

117 1991 252 2031 valere.
1190 2012 1194 2016 ⁴

186 2046 290 2081 Sicut
301 2056 391 2096 ergo
404 2044 444 2080 in
455 2041 530 2081 hoc
542 2043 707 2086 casu‚illa
720 2046 836 2085 multa
847 2047 1007 2099 pecunia
1019 2045 1203 2086 diceretur
1223 2044 1358 2084 iustum
1371 2047 1534 2098 pretium
1547 2046 1648 2085 illius
1660 2049 1813 2091 mercis,

123 2102 162 2137 δε
174 2097 268 2135 illud
278 2097 396 2149 pollet
406 2096 499 2134 iuste
508 2097 683 2135 venditor
693 2098 863 2148 recipere,
877 2103 917 2138 in
930 2113 1008 2151 quo
1021 2115 1207 2154 magnum
1221 2100 1331 2138 sentit
1345 2100 1562 2143 luctum,ita
1572 2103 1611 2138 in
1625 2102 1700 2139 alio
1714 2101 1809 2146 casu,

123 2164 237 2205 pauca
249 2152 408 2203 pecunia
419 2150 559 2188 dicetur
571 2150 707 2188 iustum
721 2153 881 2201 pretium
895 2155 1061 2192 eiusdem
1075 2157 1263 2197 mercis‚&
1277 2167 1362 2191 cum
1377 2153 1446 2190 illo
1459 2152 1568 2191 debet
1580 2155 1812 2198 mercatorfl

123 2217 289 2244 mercem
301 2203 462 2242 vendere
475 2202 639 2247 vult,effe
652 2207 1009 2249 contentum-tiamsi
1031 2222 1216 2261 magnum
1231 2207 1362 2245 sentiat
1374 2208 1669 2246 incommodum
1682 2225 1692 2250 ,-
1707 2209 1811 2248 lucro

126 2262 230 2299 enim
244 2262 280 2295 ὃς
293 2256 438 2295 damno
450 2259 586 2309 pariter
596 2257 704 2296 debet
716 2260 866 2309 exponi.
891 2263 934 2295 Et
947 2263 1109 2310 procedit
1121 2263 1194 2300 hoc
1207 2260 1362 2312 quando
1375 2261 1431 2299 vei
1444 2262 1600 2314 lege,vel
1613 2262 1814 2301 consuetu-

127 2314 215 2350 dine
226 2310 325 2349 estin
337 2311 406 2348 illo
417 2312 519 2353 loco,
532 2321 790 2350 commumtcr
802 2314 962 2364 pretium
976 2315 1015 2350 in
1025 2329 1205 2368 promptu
1217 2316 1630 2352 determinatum:Nam
1643 2317 1732 2353 alias
1745 2330 1813 2369 po-

124 2368 214 2405 terit
223 2377 410 2403 mercator
419 2367 581 2418 pretium
594 2367 696 2403 iuxta
707 2367 744 2404 id
759 2366 861 2415 quod
875 2366 926 2402 illi
943 2379 1047 2404 merx
1058 2372 1237 2411 constitit,
1252 2372 1398 2405 &iuxta
1409 2368 1636 2419 expensas‚&
1651 2369 1812 2415 labores,

126 2423 165 2458 δ(
176 2419 337 2471 pericula
347 2418 506 2470 suscepta
518 2430 696 2462 taxare‚vt
707 2421 811 2471 supra
823 2418 962 2457 dietum
975 2420 1077 2463 est,&
1088 2433 1176 2458 tunc
1188 2424 1349 2475 pretium
1363 2420 1500 2458 iustum
1514 2436 1596 2459 non
1606 2425 1686 2466 erit,
1708 2424 1811 2474 quod

127 2475 167 2512 in
179 2483 359 2524 promptu
370 2473 564 2524 repererit,
587 2473 754 2511 maxime
767 2472 828 2513 vbi
849 2472 897 2509 est
917 2487 1057 2526 magna
1077 2479 1231 2527 penuria
1242 2477 1423 2527 pecuniae,
1445 2474 1505 2512 sed
1516 2476 1707 2529 quodipse
1728 2491 1811 2530 pru—

127 2528 256 2565 denter
267 2528 459 2569 taxari-etit,
472 2529 508 2562 ὃς
522 2528 561 2563 in
574 2527 638 2564 tali
652 2527 733 2564 casu
745 2526 783 2571 si,
797 2526 901 2577 quod
915 2527 1049 2565 iustum
1067 2525 1201 2580 est,pro
1216 2540 1335 2566 merce
1349 2542 1428 2567 non
1442 2532 1616 2580 repererit
1627 2532 1666 2567 in
1680 2545 1812 2583 prom·

99 2582 104 2584 “
126 2592 206 2671 prs,
218 2579 356 2630 poterit
366 2592 445 2618 rem
458 2581 574 2619 carius
588 2580 745 2620 vendere
756 2580 801 2619 ad
812 2582 1036 2625 terminum,
1057 2595 1171 2631 quam
1186 2584 1225 2618 in
1237 2593 1417 2634 promptu
1437 2585 1584 2636 reperit,
1605 2597 1644 2626 vt
1654 2583 1686 2623 se
1699 2584 1814 2623 saluet

125 2648 165 2673 in
194 2645 360 2675 emnem.

1284 2690 1383 2730 00
1762 2696 1821 2737 13st
