2285 2980
208 60 233 88 e:

464 85 550 124 DE
593 83 1462 126 REBVSRESTITVENDJS.
1728 92 1819 131 '¹73

120 138 414 197 participatione
427 153 515 178 tum
530 137 871 179 exeominunicato
883 141 1028 192 alioqui
1040 140 1144 178 licita
1155 137 1397 190 acquisitum,
1407 133 1553 188 aliaciue
1562 134 1665 174 lucra
1675 147 1740 189 per
1750 134 1822 174 do-

123 198 325 236 nationem
340 193 433 246 prod
439 196 447 231 i
453 194 593 247 galeni,
605 207 668 232 aut
676 195 919 233 lenocinium
932 193 1123 245 acquisita,
1143 206 1319 244 quamuis
1340 191 1528 236 medium,
1548 204 1626 242 quo
1634 188 1822 241 acquisita

123 250 221 293 sunt,
234 248 278 286 sit
290 249 480 290 illicitum,
492 261 573 286 non
585 260 713 287 tamen
727 248 811 286 sunt
822 247 1051 286 restitutioni
1064 248 1245 286 obnoxia.
1270 246 1393 300 Igitur
1411 259 1495 283 non
1514 245 1604 282 ideo
1624 242 1820 282 restituen-

125 304 216 345 dum
228 302 290 346 est,
302 301 406 354 quod
416 315 480 353 per
489 301 624 340 ludum
636 303 799 341 alearum
814 302 863 340 est
874 303 1112 354 acquisitum,
1128 304 1214 352 quia
1227 301 1370 338 scilicet
1379 300 1466 338 talis
1478 298 1586 336 ludus
1598 299 1752 336 illicitus
1764 299 1822 335 fit.
1920 323 1959 353 2.

190 355 366 397 Secundo
378 369 460 392 non
472 356 590 394 etiam
599 355 636 393 su
644 369 684 394 nt
694 357 845 408 praefata
857 358 958 395 lucra
968 355 1171 394 necessario
1182 354 1427 398 restituenda,
1436 354 1526 406 quia
1536 353 1677 391 scilicet
1687 365 1732 390 ex
1742 350 1824 390 for—

124 424 216 451 tuna
226 410 313 449 sunt
323 408 514 459 acquisita.
533 412 639 448 Patet
650 410 726 448 hoc
749 411 794 449 de
815 411 1069 464 piscatorabus.
1093 409 1231 462 quibus
1252 407 1462 460 aliquando
1480 406 1637 444 fortuna
1647 405 1822 448 succedit,

124 463 331 516 aliquando
345 477 437 500 non.
458 466 560 500 Patet
571 463 616 501 de
627 462 890 516 poffefforibus
903 479 1081 518 agrorum
1094 494 1105 508 ,
1127 476 1292 515 quorum
1313 462 1454 500 fruitus
1467 459 1678 512 aliquando
1691 472 1735 497 ex
1744 458 1824 496 for·

122 521 226 557 tuitu
237 528 376 554 euentu
387 516 608 555 notabiliter
620 518 796 557 crescunt.
816 523 919 557 Patet
939 521 1056 557 etiam
1078 522 1119 556 in
1132 517 1226 561 casu,
1247 530 1327 568 quo
1336 519 1464 554 Petrus
1474 512 1651 567 promisit
1660 513 1695 551 se
1705 512 1823 552 Paulo

124 571 301 610 daturum
312 582 480 613 centum,
492 569 518 606 fi
532 573 614 621 quis
627 585 703 609 cras
717 573 957 625 Capitolium
971 573 1237 611 ascenderit:in
1246 584 1324 622 quo
1334 569 1573 609 casulucrum
1584 567 1703 605 Paulo
1713 580 1827 605 euen-

121 637 251 664 turum
264 637 307 661 ex
316 622 460 667 futuro,
473 628 507 661 ὅ(
520 625 656 662 casuali
666 639 803 665 euentu
816 627 1010 679 pendet‚vt
1021 626 1178 670 constat,
1190 629 1351 664 &tenet
1360 620 1575 677 promiffio,
1586 626 1622 659 δε
1635 620 1826 659 conditio-

124 693 173 718 ne
185 676 399 716 subfistentc
412 677 460 716 est
472 677 739 731 adimplenda:
755 694 792 719 vt
807 681 975 733 xhabetur
987 683 1027 719 in
1039 681 1062 718 l.
1077 680 1228 718 aTitio.
1241 678 1280 717 ff.
1294 678 1341 717 dc
1361 677 1567 717 verborum
1578 675 1828 727 obligationi-

124 733 205 771 bus.
223 735 327 770 Sicut
339 730 362 767 fi
377 734 459 782 quis
471 732 646 784 promisit
658 737 766 772 Petro
780 735 813 772 se
832 736 887 773 illi
902 736 1078 773 daturum
1092 746 1261 777 centum,
1273 732 1299 770 fi
1311 746 1389 771 cras
1401 732 1658 785 pluerit,tenct
1669 726 1829 780 promis-

125 787 234 831 fio,&
247 783 472 823 conditione
483 788 683 825 eueniente
693 788 742 825 est
762 788 1018 842 adimplenda,
1031 793 1068 827 ὃ(
1087 789 1212 826 taliter
1232 785 1456 838 acquisitum
1477 798 1561 822 non
1571 782 1621 822 est
1635 781 1830 820 restituen-

127 841 233 884 dum,
247 839 338 877 ficut
349 852 416 876 nec
426 839 614 878 restituere
626 855 789 893 oportet,
803 843 903 894 quod
916 846 999 894 quis
1010 856 1075 895 per
1085 841 1364 880 assecurationis
1376 840 1614 877 contrastum
1627 835 1833 886 acquifiue·

133 896 195 938 rit,
209 898 243 932 ὁ(
257 895 306 930 ita
320 896 357 930 in
373 893 453 939 alijs
466 906 581 943 quam
595 895 762 946 pluribus
775 896 917 935 cassbus
928 896 1048 950 potest
1059 897 1183 935 homo
1196 909 1240 934 cx
1259 893 1344 932 casu
1368 893 1530 932 fortuito
1542 892 1689 929 lucrum
1702 891 1833 941 acqui-

126 960 219 990 tere,
232 945 336 998 quod
347 958 476 984 tamen
486 946 674 985 restituere
686 951 825 987 minim
834 950 855 988 e
863 963 1028 989 tenetur„

179 1003 315 1041 Tertio
328 1013 408 1038 non
422 1002 538 1038 ctiam
551 1001 634 1038 sunt
646 1001 847 1042 necessario
859 1004 1011 1056 praefata
1022 1003 1123 1041 lucra
1141 1001 1382 1045 restituenda,
1395 1003 1481 1052 quia
1492 1013 1537 1039 ex
1550 997 1755 1052 cupiditate
1775 996 1833 1034 lu·
1942 992 1973 1026 δ’

127 1055 251 1094 dcntis
263 1053 565 1112 suntprocurata‚
577 1055 724 1093 etiamsi
737 1058 921 1110 cupiditas
933 1057 1192 1096 immoderata
1202 1057 1316 1095 fuerit
1327 1082 1340 1101 ,
1359 1055 1483 1094 modo
1506 1067 1562 1092 res
1574 1067 1618 1092 ex
1630 1053 1829 1092 voluntate

123 1110 261 1163 prioris
273 1106 483 1161 possefforis
496 1111 720 1159 acquiratur.
742 1115 845 1149 Nam
859 1114 898 1149 in
912 1114 1024 1150 omni
1044 1113 1241 1149 contractu
1263 1108 1442 1152 oneroso,
1454 1106 1696 1146 seuilliberali
1708 1103 1829 1157 potest
1857 1107 1872 1127 ⁸

128 1162 361 1202 contrahens
373 1163 424 1199 rei
438 1161 572 1199 alienae
584 1164 881 1203 immoderatam
897 1166 1030 1204 habere
1041 1165 1309 1218 cupiditatem,
1326 1177 1408 1201 non
1429 1175 1558 1200 tamen
1579 1160 1667 1199 ideo
1688 1173 1770 1197 rem
1782 1157 1830 1196 sic

128 1228 323 1269 acceptam
337 1214 527 1254 tenebitur
538 1216 736 1261 restituere,
750 1220 872 1257 modo
886 1221 1034 1257 nullam
1046 1222 1086 1256 in
1098 1233 1137 1257 re
1147 1218 1373 1256 iniustitiam
1385 1215 1674 1255 commiserit&
1686 1225 1830 1264 equum

127 1271 296 1310 alienum
309 1269 406 1308 mihi
419 1271 661 1322 concupisco,
672 1285 833 1323 paratus,
843 1272 870 1310 st
881 1273 1064 1312 dominus
1080 1287 1162 1311 non
1175 1271 1328 1315 dederit,
1339 1283 1430 1308 eum
1439 1283 1503 1322 per
1515 1271 1600 1309 vim
1608 1268 1780 1357 arripere,
1794 1268 1832 1302 δι

127 1332 259 1363 tamen
273 1323 404 1377 sponte
415 1323 598 1362 dominus
609 1325 708 1363 mihi
721 1330 806 1378 equi
819 1327 1075 1366 donationem
1088 1326 1230 1370 fecerit,
1243 1340 1327 1364 non
1336 1322 1619 1371 tenebotillum
1630 1334 1667 1358 re
1701 1321 1831 1360 ittiere,

127 1378 274 1418 etiamst
288 1376 664 1416 immoderateillurn
679 1383 987 1434 concupiuerim.v
1001 1385 1133 1432 Itaque
1149 1380 1403 1418 immoderata
1423 1377 1620 1415 reialienae
1635 1372 1839 1426 cupiditas„

129 1433 406 1473 restitutionem
420 1431 599 1471 inducere
609 1447 689 1471 non
699 1435 849 1480 sufficit,
862 1436 886 1473 ss
909 1438 948 1474 in
962 1451 999 1474 re
1011 1436 1086 1488 ipsa
1099 1435 1201 1472 nulla
1214 1434 1397 1472 iniustitia
1408 1430 1837 1479 committatur.Qem-

131 1486 345 1526 admodum
358 1500 427 1524 nec
439 1486 718 1526 immoderatus
729 1489 894 1535 affeetus,
915 1504 1032 1542 quem
1043 1490 1089 1527 ad
1099 1503 1155 1527 res
1169 1502 1272 1527 meas
1284 1487 1407 1525 habeo
1419 1515 1430 1530 ,
1453 1484 1602 1523 inducit
1614 1485 1728 1520 inme
1739 1479 1838 1519 obli—

130 1544 333 1595 gationem
348 1540 393 1576 ad
404 1553 458 1577 res
474 1552 579 1575 meas
597 1542 832 1579 alienandas„

188 1592 349 1648 Qarto,
362 1605 444 1630 non
456 1593 570 1629 etiam
584 1592 669 1629 sunt
688 1594 839 1644 praefata
861 1595 962 1633 lucra
981 1593 1189 1633 necessario
1203 1592 1442 1635 restituenda,
1463 1592 1553 1642 quia
1566 1586 1844 1640 is,qui·perdit,

130 1663 214 1688 non
227 1648 396 1684 omnino
409 1645 626 1686 voluntarie
637 1660 678 1684 ea
689 1648 881 1698 petiolu'tt,
894 1648 953 1687 sed
965 1662 1051 1686 cum
1065 1648 1305 1700 poenitudine
1317 1646 1495 1697 quadam,
1507 1655 1573 1681 aut
1585 1643 1834 1681 dolore.Nam

129 1704 226 1756 saepe
237 1700 399 1744 debitor,
412 1700 469 1738 vel
483 1702 731 1737 mutuatarius
744 1703 847 1751 quod
862 1703 972 1740 debet
984 1717 1069 1740 cum
1085 1702 1220 1740 dolore
1231 1701 1361 1739 soluit.
1389 1701 1466 1750 Qu
1476 1711 1557 1736 rem
1570 1696 1616 1734 ad
1625 1696 1838 1733 terminum

130 1755 342 1807 emit‚saepe
353 1753 522 1792 similiter
533 1755 702 1791 termino
714 1753 1121 1808 adueniente,pretium
1136 1755 1305 1793 debitum
1320 1767 1410 1790 cum
1421 1749 1747 1790 dol'orecreditori
1758 1746 1839 1785 re'd-

130 1810 201 1849 dit.
222 1810 395 1848 Donatio
407 1810 522 1846 etiam
536 1806 667 1858 sponte
679 1807 773 1845 fasta
784 1808 826 1846 sec
833 1823 876 1861 pe
888 1823 975 1847 cum
1000 1810 1135 1846 dolore
1146 1808 1212 1846 suo
1234 1820 1408 1858 tempore
1428 1804 1669 1856 adimpletur,
1688 1801 1781 1839 ficut
1800 1804 1839 1837 &

128 1867 188 1906 vir
199 1877 286 1902 cum
298 1863 482 1915 sponsalia
495 1864 702 1905 contraxit,
714 1862 807 1915 saepe
819 1863 999 1916 sponsam
1021 1865 1061 1900 in
1082 1876 1242 1902 vxorem
1266 1863 1409 1898 inuitus
1434 1860 1582 1911 accipit.
1603 1861 1647 1894 Et
1658 1852 1841 1909 promissa

129 1917 223 1972 saepe
236 1915 494 1955 inuoluntarie
513 1915 713 1953 soluuntur
725 1933 732 1953 :
745 1929 915 1956 attamen
927 1919 966 1955 in
980 1917 1038 1955 his
1061 1916 1244 1955 omnibus
1258 1926 1359 1952 tenet
1371 1914 1597 1955 contractus,
1611 1914 1647 1948 δε
1660 1907 1765 1960 quod
1776 1920 1840 1959 per
1885 1923 1888 1926 ⁴

132 1973 348 2012 contradus
358 1970 585 2008 huiusmodi
596 1969 708 2008 fuerit
719 1970 960 2022 acquisitum,
974 1985 1053 2009 non
1065 1971 1113 2009 est
1125 1970 1170 2010 de
1183 1967 1395 2008 necestitate
1405 1962 1743 2006 reddendumtimo
1756 1963 1838 2001 vni-

132 2024 494 2076 uersaliter‚quando
506 2022 683 2076 praeceffit
692 2023 906 2064 voluntaria
917 2025 1196 2078 obligatio,qua
1208 2026 1292 2074 quis
1307 2022 1350 2059 ad
1365 2019 1507 2072 ahquid
1520 2018 1555 2056 se
1564 2014 1843 2069 obligauit,fiue

133 2078 303 2120 absolute
312 2109 323 2124 ,
341 2080 417 2118 siue
429 2092 518 2116 cum
535 2078 783 2122 conditione,
795 2092 930 2131 parum
940 2080 1051 2117 refert
1063 2079 1109 2116 ad
1120 2079 1207 2121 hoc,
1231 2076 1335 2128 quod
1348 2075 1490 2114 fastum
1503 2084 1648 2115 teneat,
1662 2083 1755 2109 eum.
1767 2070 1848 2121 ¹qui

126 2135 168 2176 -se
177 2135 425 2187 obligauerat,
436 2132 560 2186 postea
574 2134 757 2177 inuitum,
770 2145 833 2170 aut
842 2132 1097 2185 spontaneum
1113 2132 1149 2170 id
1162 2131 1326 2175 reddere,
1340 2127 1446 2181 quod
1458 2126 1580 2166 debet.

206 2189 400 2242 Qnfflm
407 2202 459 2226 on
471 2189 589 2225 etiam
603 2186 854 2239 sunt'jprztfata
865 2188 963 2224 lucra
975 2187 1177 2226 necessario
1189 2183 1428 2227 restituenda,
1446 2181 1496 2219 ob
1508 2181 1562 2224 id,
1574 2179 1679 2231 quod
1688 2180 1753 2230 qui
1766 2191 1851 2230 per*

137 2245 192 2284 dit
203 2245 259 2282 nil
271 2243 361 2280 loco
373 2244 465 2284 eius,
478 2240 583 2292 quod
595 2240 725 2284 soluit,
740 2242 761 2278 a
773 2241 942 2278 lucrante
952 2244 1108 2294 recipit:
1123 2241 1266 2279 namin
1276 2239 1390 2276 omni
1410 2236 1624 2274 donatione
1645 2232 1789 2271 liberali
1801 2231 1843 2269 id

135 2298 256 2352 ipsum
268 2298 460 2348 reperitur,
474 2309 558 2333 non
567 2306 696 2332 tamen
707 2294 757 2332 ob
770 2293 810 2331 id
823 2296 927 2333 venit
944 2294 1234 2337 restituendum,
1246 2291 1348 2344 quod
1361 2290 1583 2329 donatarius
1597 2287 1760 2338 accepit„
1783 2286 1845 2322 si-

138 2352 282 2395 militer
294 2350 397 2388 idem
410 2344 590 2401 reperitur
599 2350 646 2385 in
654 2346 923 2386 assecuratione
931 2350 1130 2387 mercium.
1145 2351 1222 2386 Pro.
1231 2343 1539 2398 quaaffecurator
1559 2338 1774 2378 mercedem
1784 2351 1842 2376 re-

137 2401 244 2457 cipit,
254 2398 346 2443 loco
357 2402 485 2447 quinil
495 2400 666 2452 debonis
675 2401 746 2439 suis
764 2400 969 2441 affecutato
985 2401 1186 2441 redditzEt
1203 2403 1251 2439 in.
1270 2399 1402 2437 multis
1424 2398 1506 2444 aliis
1527 2395 1603 2434 hoc
1631 2392 1735 2432 idem
1745 2391 1841 2446 saepe

139 2456 415 2512 contingit‚vbi
427 2467 628 2508 acceptum
636 2469 722 2494 non
730 2455 780 2495 est
791 2454 838 2493 de
847 2454 1061 2494 neceffitate
1070 2453 1367 2494 restituendum..

201 2509 530 2562 Sexto‚praefatum
540 2510 694 2549 lucrum
703 2522 788 2548 non
798 2507 849 2547 est
860 2507 906 2547 de
917 2508 1127 2548 necestitate
1138 2506 1412 2548 restituendum
1429 2504 1579 2542 ratione
1601 2501 1694 2554 legis
1700 2499 1840 2538 huma·-

140 2577 204 2604 ιε
215 2563 348 2604 ludum
361 2561 600 2615 prohibentis
607 2576 726 2606 ,Vnam
737 2563 783 2602 de
793 2563 876 2616 lege
885 2562 1031 2608 diuina,
1045 2567 1081 2600 ὃ(
1091 2562 1256 2601 naturali
1268 2574 1316 2598 ex
1324 2559 1431 2596 dietis
1442 2566 1593 2610 apparet
1608 2557 1725 2593 talem
1735 2553 1840 2591 obli-

139 2618 343 2672 gationem
354 2629 436 2655 non
446 2618 658 2669 prouenire.
678 2616 1029 2670 De·canonicalcge
1049 2615 1229 2669 probatur
1249 2616 1445 2653 intentum
1457 2627 1464 2648 :
1476 2623 1568 2648 nam
1580 2609 1661 2647 haec
1674 2606 1840 2661 special-i-

141 2683 200 2727 ter
210 2670 354 2712 clericis
364 2668 450 2728 data
458 2668 524 2716 est,
533 2673 572 2713 δι
579 2669 672 2728 esto,
682 2670 789 2725 quod
796 2671 906 2728 laicis
920 2669 1008 2711 data
1018 2670 1076 2718 Sit,
1088 2682 1129 2713 vt
1139 2683 1182 2710 ex
1192 2668 1259 2768 Ηὲι.
1272 2681 1354 2766 (ΞΡ,
1364 2662 1844 2751 Ερίΐςοριιε.εοηὶὲὴιιὲι3ἐ;

1942 1621 1988 1653 4..

1951 2164 1995 2197 6.
